@article{test,
author = "Paul Dirac",
year = "2018",
}